% bib file generated according to baire.aux at 2021.04.25-22.46.54.
%
% The recommended format of the bib entry label is:
%
%     <AuthorLastnames_YearLetter>
%
%  For example, the key for an article by Yuan may be:
%
%     Yuan_2000a
%
% It is advised to use the abbreviations of names of serials in Math. Rev.
% See https://mathscinet.ams.org/msnhtml/serials.pdf .
%%%%%%%%%%%%%%%%%%%%%%%%%%%%%%%%%%%%%%%%%%%%%%%%%%%%%%%%%%%%%%%%%%%%%%%%%%%%



@book{Munkres_2000,
    author    = {Munkres, J. R.},
    publisher = {Prentice Hall, Inc.},
    address   = {Upper Saddle River, NJ},
    edition   = {Second},
    title     = {Topology},
    year      = {2000},
}

@book{Narici_Beckenstein_2010,
    author    = {Narici, L. and Beckenstein, E.},
    publisher = {CRC Press},
    address   = {Boca Raton, FL},
    edition   = {Second},
    series    = {Chapman \& Hall/CRC Pure Appl. Math.},
    title     = {Topological Vector Spaces},
    year      = {2010},
}

@book{Zalinescu_2002,
    author    = {Z\u{a}linescu, C.},
    publisher = {World scientific},
    address   = {Singapore},
    title     = {Convex Analysis in General Vector Spaces},
    year      = {2002},
}
