/home/zaikunzhang/Bureau/bibliographie/ref.bib